<record><leader>00000cas a22000007a 4500</leader><controlfield tag="001">12852507</controlfield><controlfield tag="008">851127d18711883nyuwr ne      0    0eng d</controlfield><datafield ind1=" " ind2=" " tag="010"><subfield code="a">sn 85026985 </subfield></datafield><datafield ind1=" " ind2=" " tag="040"><subfield code="a">NPX</subfield><subfield code="b">eng</subfield><subfield code="c">NPX</subfield><subfield code="d">NYS</subfield><subfield code="d">OCLCQ</subfield></datafield><datafield ind1=" " ind2=" " tag="042"><subfield code="a">msc</subfield></datafield><datafield ind1="0" ind2="4" tag="245"><subfield code="a">The Poughkeepsie weekly news.</subfield></datafield><datafield ind1="3" ind2="0" tag="246"><subfield code="a">Poughkeepsie news</subfield></datafield><datafield ind1=" " ind2=" " tag="260"><subfield code="a">Poughkeepsie, N.Y. :</subfield><subfield code="b">J.O. Whitehouse</subfield></datafield><datafield ind1=" " ind2=" " tag="300"><subfield code="a">v.</subfield></datafield><datafield ind1=" " ind2=" " tag="310"><subfield code="a">Weekly</subfield></datafield><datafield ind1="1" ind2=" " tag="362"><subfield code="a">Began with July 30, 1871 issue; ceased in 1883.</subfield><subfield code="z">Cf. Gregory, W. Amer. newspapers.</subfield></datafield><datafield ind1=" " ind2=" " tag="500"><subfield code="a">Editor: Cyrus Swan, &lt;1876&gt;.</subfield></datafield><datafield ind1=" " ind2=" " tag="500"><subfield code="a">"Democratic-Republican."</subfield></datafield><datafield ind1=" " ind2=" " tag="588"><subfield code="a">Description based on: Vol. 3, no. 113 (Jan. 1, 1874).</subfield></datafield><datafield ind1=" " ind2="4" tag="651"><subfield code="a">Poughkeepsie (N.Y.)</subfield><subfield code="v">Newspapers.</subfield></datafield><datafield ind1=" " ind2=" " tag="752"><subfield code="a">United States</subfield><subfield code="b">New York</subfield><subfield code="c">Dutchess</subfield><subfield code="d">Poughkeepsie.</subfield></datafield><datafield ind1="0" ind2=" " tag="775"><subfield code="t">Poughkeepsie daily news</subfield><subfield code="w">(DLC)sn 85026984</subfield></datafield><datafield ind1="0" ind2="7" tag="785"><subfield code="t">Poughkeepsie telegraph (Poughkeepsie, N.Y. : 1859)</subfield><subfield code="w">(DLC)sn 83031927</subfield></datafield><datafield ind1="0" ind2="7" tag="785"><subfield code="t">Poughkeepsie news-telegraph</subfield><subfield code="w">(DLC)sn 87028294</subfield><subfield code="w">(OCoLC)15370957</subfield></datafield><datafield ind1="1" ind2=" " tag="029"><subfield code="a">AU@</subfield><subfield code="b">000024692395</subfield></datafield></record>